<record><leader>00000cas a22000007a 4500</leader><controlfield tag="001">1645546</controlfield><controlfield tag="008">750921d18981900mnuwr ne      0    0eng d</controlfield><datafield ind1=" " ind2=" " tag="010"><subfield code="a">sn 91059390 </subfield></datafield><datafield ind1=" " ind2=" " tag="040"><subfield code="a">MUL</subfield><subfield code="b">eng</subfield><subfield code="c">MUL</subfield><subfield code="d">MN#</subfield><subfield code="d">OCLCQ</subfield><subfield code="d">OCLCF</subfield><subfield code="d">OCLCO</subfield></datafield><datafield ind1="1" ind2=" " tag="029"><subfield code="a">AU@</subfield><subfield code="b">000025893375</subfield></datafield><datafield ind1=" " ind2=" " tag="042"><subfield code="a">msc</subfield></datafield><datafield ind1=" " ind2=" " tag="043"><subfield code="a">n-us-mn</subfield></datafield><datafield ind1=" " ind2=" " tag="052"><subfield code="a">4144</subfield><subfield code="b">M8</subfield></datafield><datafield ind1=" " ind2=" " tag="052"><subfield code="a">4143</subfield><subfield code="b">S8</subfield></datafield><datafield ind1="0" ind2=" " tag="130"><subfield code="a">Republican times (Morris, Minn.)</subfield></datafield><datafield ind1="0" ind2="4" tag="245"><subfield code="a">The Republican times.</subfield></datafield><datafield ind1=" " ind2=" " tag="260"><subfield code="a">Morris, Minn. :</subfield><subfield code="b">Real Estate &amp; Farm Pub. Co.,</subfield><subfield code="c">1898-1900.</subfield></datafield><datafield ind1=" " ind2=" " tag="300"><subfield code="a">3 v.</subfield></datafield><datafield ind1=" " ind2=" " tag="310"><subfield code="a">Weekly</subfield></datafield><datafield ind1="0" ind2=" " tag="362"><subfield code="a">Vol. 2, no. 31 (Sept. 14, 1898)-v. 4, no. 17 (May 30, 1900).</subfield></datafield><datafield ind1=" " ind2=" " tag="530"><subfield code="a">Available on microfilm from the Minnesota Historical Society.</subfield></datafield><datafield ind1=" " ind2="0" tag="651"><subfield code="a">Morris (Minn.)</subfield><subfield code="v">Newspapers.</subfield></datafield><datafield ind1=" " ind2="7" tag="655"><subfield code="a">Newspapers.</subfield><subfield code="2">fast</subfield><subfield code="0">(OCoLC)fst01423814</subfield></datafield><datafield ind1=" " ind2="7" tag="651"><subfield code="a">Minnesota</subfield><subfield code="z">Morris.</subfield><subfield code="2">fast</subfield><subfield code="0">(OCoLC)fst01212093</subfield></datafield><datafield ind1=" " ind2=" " tag="752"><subfield code="a">United States</subfield><subfield code="b">Minnesota</subfield><subfield code="c">Stevens</subfield><subfield code="d">Morris.</subfield></datafield><datafield ind1="0" ind2="0" tag="780"><subfield code="t">Chokio times</subfield><subfield code="w">(DLC)sn 91059388</subfield></datafield><datafield ind1="0" ind2="0" tag="785"><subfield code="t">Morris times</subfield><subfield code="w">(DLC)sn 91059391</subfield></datafield></record>